@online{robotsamenleving,
  author = {Rinie van Est en Linda Kool},
  title = {Werken aan de robotsamenleving},
  year = 2015,
  url = {http://sro.sussex.ac.uk/63737/4/Werken_aan_de_robotsamenleving_-_Rathenau_Instituut%20(1)%20(1).pdf},
  urldate = {2017-01-17}
}

@online{vriendofvijand,
  author = {Katinka Disch},
  title = {Kunstmatige Intelligentie: vriend of vijand?},
  year = 2015,
  url = {https://openaccess.leidenuniv.nl/bitstream/handle/1887/36339/Scriptie%20K.Y.%20Disch%20def.pdf?sequence=1},
  urldate = {2017-01-17}
}

@online{arbeidsmarkt,
  author = {Deloitte},
  title = {De impact van automatisering op de Nederlandse Arbeidsmarkt},
  year = 2014,
  url = {https://www2.deloitte.com/content/dam/Deloitte/nl/Documents/-analytics/-nl-data-analytics-impact-van-automatisering-op-de-nl-arbeidsmarkt.pdf},
  urldate = {2017-01-17}
}

@online{breinoverbodig,
  author = {Marcus Wohlsen},
  title = {Google’s Grand Plan to Make Your Brain Irrelevant},
  year = 2014,
  url = {https://www.wired.com/2014/01/google-buying-way-making-brain-irrelevant/},
  urldate = {2017-01-17}
}

@online{kamerbrief,
  author = {Asscher},
  title = {Kamerbrief over effect van technologische ontwikkelingen op de arbeidsmarkt},
  year = 2014,
  url = {https://www.rijksoverheid.nl/binaries/rijksoverheid/documenten/kamerstukken/2014/12/19/kamerbrief-over-effect-van-technologische-ontwikkelingen-op-de-arbeidsmarkt/kamerbrief-over-effect-van-technologische-ontwikkelingen-op-de-arbeidsmarkt.pdf},
  urldate = {2017-01-17}
}

@online{stephenhawking,
  author = {Rory Cellan-Jones},
  title = {Stephen Hawking warns artificial intelligence could end mankind},
  year = 2014,
  url = {http://www.bbc.com/news/technology-30290540},
  urldate = {2017-01-17}
}

@online{killemachine,
  author = {Margriet van der Heijden},
  title = {Een machine met enkel kille drijfveren},
  year = 2014,
  url = {https://www.nrc.nl/nieuws/2014/11/22/een-machine-met-enkel-kille-drijfveren-1440190-a924143},
  urldate = {2017-01-17}
}

@online{uitgeroeid,
  author = {Maarten Keulemans},
  title = {Kan de mens worden uitgeroeid door machines?},
  year = 2015,
  url = {http://www.volkskrant.nl/wetenschap/kan-de-mens-worden-uitgeroeid-door-machines~a4009311/},
  urldate = {2017-01-17}
}

@online{autonomous,
  author = {Steve Omohundro},
  title = {Autonomous technology and the greater human good},
  year = 2014,
  url = { http://dx.doi.org/10.1080/0952813X.2014.895111},
  urldate = {2017-01-17}
}

@online{benificialai,
  author = {Stuart Russell, Daniel Dewey, Max Tegmark},
  title = {Research Priorities for Robust and Beneficial Artificial Intelligence},
  year = 2016,
  url = {https://arxiv.org/pdf/1602.03506v1.pdf},
  urldate = {2017-01-17}
}

@online{pastandfuture,
  author = {Moshe Y. Vardi },
  title = {Artificial Intelligence: Past and Future},
  year = 2012,
  url = {http://cacm.acm.org/magazines/2012/1/144824-artificial-intelligence-past-and-future/fulltext},
  urldate = {2017-01-17}
}

@online{computerziekenhuis,
  author = {A. Th. Guus Schreiber},
  title = {Computers: heelmeesters van de toekomst?},
  year = {nb},
  url = {https://pdfs.semanticscholar.org/fc16/26d1a95040ffb392ddab57c7b4fcf43c36d6.pdf},
  urldate = {2017-01-18}
}

@online{stephenhawking,
  author = {Stephen Hawking},
  title = {My Computer},
  year = {nb},
  url = {http://www.hawking.org.uk/the-computer.html},
  urldate = {2017-01-18}
}

@online{medischerobots,
  author = {Prof. Jos VANDER SLOTEN},
  title = {Ingenieur en arts, samen voor een efficiëntere gezondheidszorg},
  year = 2013,
  url = {http://hiw.kuleuven.be/ned/lessen/cursusmateriaal/1314/vandersloten.pdf},
  urldate = {2017-01-18}
}

@online{veebot,
  author = {Veebot},
  title = {The Veebot Story},
  year = 2014,
  url = {http://www.veebot.com/about.html},
  urldate = {2017-01-18}
}